@article{smith2018intelligent,
  title={The intelligent solution: automation, the skills shortage and cyber-security},
  author={Smith, Graham},
  journal={Computer Fraud \& Security},
  volume={2018},
  number={8},
  pages={6--9},
  year={2018},
  publisher={Elsevier}
} 

@misc{cobb2016mind,
  title={Mind this gap: criminal hacking and the global cybersecurity skills shortage, a critical analysis},
  author={Cobb, Stephen},
  year={2016},
  publisher={Virusbulletin}
} 

@article{su2015mobile,
  title={A mobile gamification learning system for improving the learning motivation and achievements},
  author={Su, C-H and Cheng, C-H},
  journal={Journal of Computer Assisted Learning},
  volume={31},
  number={3},
  pages={268--286},
  year={2015},
  publisher={Wiley Online Library}
} 

@inproceedings{chieu2009dynamic,
  title={Dynamic scaling of web applications in a virtualized cloud computing environment},
  author={Chieu, Trieu C and Mohindra, Ajay and Karve, Alexei A and Segal, Alla},
  booktitle={E-Business Engineering, 2009. ICEBE'09. IEEE International Conference on},
  pages={281--286},
  year={2009},
  organization={IEEE}
} 

@article{williams2007research,
  title={Research methods},
  author={Williams, Carrie},
  journal={Journal of business \& economic research},
  volume={5},
  number={3},
  pages={65--72},
  year={2007}
} 

@book{greenbaum1999moderating,
  title={Moderating focus groups: A practical guide for group facilitation},
  author={Greenbaum, Thomas L},
  year={1999},
  publisher={Sage Publications}
} 

@article{bernstein2014containers,
  title={Containers and cloud: From lxc to docker to kubernetes},
  author={Bernstein, David},
  journal={IEEE Cloud Computing},
  volume={1},
  number={3},
  pages={81--84},
  year={2014},
  publisher={IEEE}
}